001  0000151
005  20180609124250.750
008  170706s||||     bl|||||||||||||||||por|u
020    $a9788586218132
040    $aPorto Alegre$bpor
080    $21997$a929:796
090    $a929:796$bS663m
100 1  $aSodré, Muniz
245 10 $aMestre Bimba$bcorpo de mandinga$cMuniz Sodré
260    $aRio de Janeiro$bManati$c2002
300    $a112 p.
600 0  $aBimba$cMestre
650    $aCapoeira
650    $aBiografia
650    $aHistória
650    $aResistência
650    $aLuta
